<?xml version="1.0" encoding="UTF-8"?>
<record xmlns="http://www.loc.gov/MARC21/slim" xmlns:xsi="http://www.w3.org/2001/XMLSchema-instance" xsi:schemaLocation="http://www.loc.gov/MARC21/slim http://www.loc.gov/standards/marcxml/schema/MARC21slim.xsd">
<leader>00000cam a22      a 4500</leader>
<controlfield tag="001">001685212</controlfield>
<controlfield tag="003">NNU</controlfield>
<controlfield tag="005">20160229165747.0</controlfield>
<controlfield tag="008">890228m19601961sy h          000 0 arard</controlfield>
<datafield tag="035" ind1=" " ind2=" ">
<subfield code="a">(OCoLC)23491843</subfield>
<subfield code="z">(OCoLC)42862568</subfield>
</datafield>
<datafield tag="040" ind1=" " ind2=" ">
<subfield code="a">EYM</subfield>
<subfield code="b">eng</subfield>
<subfield code="c">EYM</subfield>
<subfield code="d">IUL</subfield>
<subfield code="d">OCLCQ</subfield>
<subfield code="d">OCLCG</subfield>
<subfield code="d">AUD</subfield>
<subfield code="d">PUL</subfield>
<subfield code="d">OCLCQ</subfield>
<subfield code="d">OCLCO</subfield>
<subfield code="d">OCLCA</subfield>
<subfield code="d">OCLCF</subfield>
<subfield code="d">OCLCQ</subfield>
<subfield code="d">NNU</subfield>
</datafield>
<datafield tag="050" ind1=" " ind2="4">
<subfield code="a">PJ6190</subfield>
<subfield code="b">.H16 1960</subfield>
</datafield>
<datafield tag="100" ind1="1" ind2=" ">
<subfield code="6">880-01</subfield>
<subfield code="a">Abū al-Ṭayyib al-Lughawī, ʻAbd al-Wāḥid ibn ʻAlī,</subfield>
<subfield code="d">-962 or 963.</subfield>
</datafield>
<datafield tag="245" ind1="1" ind2="0">
<subfield code="6">880-02</subfield>
<subfield code="a">Kitāb al-ibdāl /</subfield>
<subfield code="c">taʼlīf Abī al-Ṭayyib ʻAbd al-Wāḥid ibn ʻAlī al-Lughawī al-Ḥalabī ; ḥaqqaqahu wa-sharaḥahu wa-nashar ḥawāshīh al-aṣlīyah wa-akmal nawāqiṣih ʻIzz al-Dīn al-Tanūkhī.</subfield>
</datafield>
<datafield tag="246" ind1="3" ind2="0">
<subfield code="6">880-03</subfield>
<subfield code="a">Ibdāl</subfield>
</datafield>
<datafield tag="260" ind1=" " ind2=" ">
<subfield code="6">880-04</subfield>
<subfield code="a">Dimashq :</subfield>
<subfield code="b">Al-Majmaʻ al-ʻIlmī al-ʻArabī,</subfield>
<subfield code="c">1960-1961.</subfield>
</datafield>
<datafield tag="300" ind1=" " ind2=" ">
<subfield code="a">2 volumes :</subfield>
<subfield code="b">facsimiles ;</subfield>
<subfield code="c">25 cm.</subfield>
</datafield>
<datafield tag="336" ind1=" " ind2=" ">
<subfield code="a">text</subfield>
<subfield code="b">txt</subfield>
<subfield code="2">rdacontent</subfield>
</datafield>
<datafield tag="337" ind1=" " ind2=" ">
<subfield code="a">unmediated</subfield>
<subfield code="b">n</subfield>
<subfield code="2">rdamedia</subfield>
</datafield>
<datafield tag="338" ind1=" " ind2=" ">
<subfield code="a">volume</subfield>
<subfield code="b">nc</subfield>
<subfield code="2">rdacarrier</subfield>
</datafield>
<datafield tag="490" ind1="1" ind2=" ">
<subfield code="6">880-05</subfield>
<subfield code="a">Maṭbūʻāt al-Majmaʻ al-ʻIlmī al-ʻArabī bi-Dimashq</subfield>
</datafield>
<datafield tag="500" ind1=" " ind2=" ">
<subfield code="a">List of words discussed: v. 2, p. 595-650.</subfield>
</datafield>
<datafield tag="650" ind1=" " ind2="0">
<subfield code="a">Arabic language</subfield>
<subfield code="x">Synonyms and antonyms.</subfield>
</datafield>
<datafield tag="650" ind1=" " ind2="7">
<subfield code="a">Arabic language</subfield>
<subfield code="x">Synonyms and antonyms.</subfield>
<subfield code="2">fast</subfield>
<subfield code="0">(OCoLC)fst00812440</subfield>
</datafield>
<datafield tag="700" ind1="1" ind2=" ">
<subfield code="6">880-06</subfield>
<subfield code="a">Tanūkhī, ʻIzz al-Dīn.</subfield>
</datafield>
<datafield tag="776" ind1="0" ind2="8">
<subfield code="i">Online version:</subfield>
<subfield code="a">Abū al-Ṭayyib al-Lughawī, ʻAbd al-Wāḥid ibn ʻAlī, -962 or 3.</subfield>
<subfield code="t">Kitāb al-ibdāl.</subfield>
<subfield code="d">Dimashq : Al-Majmaʻ al-ʻIlmī al-ʻArabī, 1960-1961</subfield>
<subfield code="w">(OCoLC)654534131</subfield>
</datafield>
<datafield tag="880" ind1="1" ind2=" ">
<subfield code="6">100-01/</subfield>
<subfield code="a">‏أبو الطيب اللغوي، عبد الواحد بن علي،</subfield>
<subfield code="d">-962 or 963.</subfield>
</datafield>
<datafield tag="880" ind1="1" ind2="0">
<subfield code="6">245-02/</subfield>
<subfield code="a">كتاب الابدال /</subfield>
<subfield code="c">تاليف ابي الطيب عبد الواحد بن علي اللغوي الحلبي ؛ حققه وشرحه ونشر حواشيه الاصلية وأكمل نواقصه عز الدين التنوخي.</subfield>
</datafield>
<datafield tag="880" ind1="3" ind2="0">
<subfield code="6">246-03/</subfield>
<subfield code="a">‏إبدال</subfield>
</datafield>
<datafield tag="880" ind1=" " ind2=" ">
<subfield code="6">260-04/</subfield>
<subfield code="a">دمشق</subfield>
<subfield code="b">المجمع العلمي العربي،</subfield>
<subfield code="c">1960-1961.</subfield>
</datafield>
<datafield tag="880" ind1="1" ind2=" ">
<subfield code="6">490-05/</subfield>
<subfield code="a">‏مطبوعات المجمع العلمي العربي بدمشق</subfield>
</datafield>
<datafield tag="880" ind1="1" ind2=" ">
<subfield code="6">700-06/</subfield>
<subfield code="a">عز الدين التنوخي.</subfield>
</datafield>
<datafield tag="830" ind1=" " ind2="0">
<subfield code="6">880-07</subfield>
<subfield code="a">Maṭbūʻāt al-Majmaʻ al-ʻIlmī al-ʻArabī bi-Dimashq.</subfield>
</datafield>
<datafield tag="880" ind1=" " ind2="0">
<subfield code="6">830-07/</subfield>
<subfield code="a">‏مطبوعات المجمع العلمي العربي بدمشق.</subfield>
</datafield>
<datafield tag="OWN" ind1=" " ind2=" ">
<subfield code="a">GENERAL</subfield>
</datafield>
<datafield tag="AVA" ind1=" " ind2=" ">
<subfield code="a">NYU50</subfield>
<subfield code="b">BOBST</subfield>
<subfield code="c">Main Collection</subfield>
<subfield code="d">PJ6161 .H28</subfield>
<subfield code="e">unavailable</subfield>
<subfield code="t">Unavailable</subfield>
<subfield code="f">1</subfield>
<subfield code="g">1</subfield>
<subfield code="h">Y</subfield>
<subfield code="i">0</subfield>
<subfield code="j">MAIN</subfield>
<subfield code="k">0</subfield>
</datafield>
</record>
